@article{article:1_survey_stdm,
	title = "{Spatio-Temporal Data Mining: A Survey of Problems and Methods}",
	author = {G. {Atluri} and A. {Karpatne} and V. {Kumar}},
	journal = {ACM Computing Surveys},
	year = {2017},
	volume = {51},
	number = {4},
	issn = {0360-0300},
	url = {https://doi.org/10.1145/3161602},
	doi = {10.1145/3161602},
	articleno = {83},
	numpages = {41},
	keywords = {spatiotemporal data, rasters, time-series, spatial data, Data mining, geographic data}
}

@article{article:2_survey_urban,
	title = "{A Survey on Urban Traffic Anomalies Detection Algorithms}", 
	author = {Y. {Djenouri} and A. {Belhadi} and J. C. {Lin} and D. {Djenouri} and A. {Cano}},
	journal = {IEEE Access}, 
	year = {2019},
	volume = {7},
	number = {},
	issn = {2169-3536},
	url = {},
	doi = {10.1109/ACCESS.2019.2893124},
	pages = {12192-12205}
}

@article{article:3_detect_eatp,
	title = "{On Detection of Emerging Anomalous Traffic Patterns Using GPS Data}",
	author = {L. {Pang} and S. {Chawla} and W. {Liu} and Y. {Zheng}},
	journal = {Data and Knowledge Engineering},
	year = {2013},
	month = {September},
	pages = {357-373},
	volume = {87},
	doi = {10.1016/j.datak.2013.05.002}
}


@article{article:4_detect_eatp,
	title = "{Trajectory Extraction for Analysis of Unsafe Driving Behaviour}",
	author = {C. {Koetsier} and S. {Busch} and M. {Sester}},
	journal = {ISPRS - International Archives of the Photogrammetry, Remote Sensing and Spatial Information Sciences},
	year = {2019},
	month = {June},
	pages = {1573-1578},
	volume = {42},
	number = {2/W13},
	doi = {10.5194/isprs-archives-XLII-2-W13-1573-2019},
	url = {https://doi.org/10.5194/isprs-archives-XLII-2-W13-1573-2019}
}

@article{article:5_survey_tbsa,
	title = "{Trajectory-Based Surveillance Analysis: A Survey}", 
	author = {S. A. {Ahmed} and D. P. {Dogra} and S. {Kar} and P. P. {Roy}},
	journal = {IEEE Transactions on Circuits and Systems for Video Technology}, 
	year = {2019},
	monty = {July},
	volume = {29},
	number = {7},
	pages = {1985-1997},
	doi = {10.1109/TCSVT.2018.2857489}
}

@article{article:6_survey_anom_det_rtuvs,
	title = "{Anomaly Detection in Road Traffic Using Visual Surveillance: A Survey}",
	author = {S. K. {Kumaran} and D. P. {Dogra} and P. P. {Roy}},
	journal = {ArXiv: Computer Vision and Pattern Recognition},
	year = {2019},
	month = {January},
	url = {https://arxiv.org/abs/1901.08292}
}

@inproceedings{inproceedings:7_related_work,
	title = "{Abnormal Events Detection Based on Trajectory Clustering}", 
	author = {N. B. {Ghrab} and E. {Fendri} and M. {Hammami}},
	booktitle = {2016 13th International Conference on Computer Graphics, Imaging and Visualization (CGiV)}, 
	year = {2016},
	volume = {},
	number = {},
	pages = {301-306},
	doi = {10.1109/CGiV.2016.65}
}

@article{article:8_review_mot_cl_alg,
	title = "{A Review of Moving Object Trajectory Clustering Algorithms}",
	author = {G. {Yuan} and P. {Sun} and J. {Zhao} and D. {Li} and C. {Wang}},
	journal = {Artificial Intelligence Review},
	publisher = {Kluwer Academic Publishers},
	address = {USA},
	volume = {47},
	number = {1},
	pages = {123-144},
	numpages = {22},
	year = {2017},
	month = {January},
	issn = {0269-2821},
	doi = {10.1007/s10462-016-9477-7},
	url = {https://doi.org/10.1007/s10462-016-9477-7},
	keywords = {Moving objects, Trajectory clustering, Data mining, Similarity measure, Moving pattern}	
}

@article{article:9_trb_vc_aev_sc,
	title = "{Trajectory Based Vehicle Counting and Anomalous Event Visualization in Smart Cities}",
	author = {F. {Mehboob} and M. {Abbas} and R. {Jiang} and A. {Rauf} and S. A. {Khan} and S. {Rehman}},
	journal = {Cluster Computing},
	year = {2018},
	month = {March},
	doi = {10.1007/s10586-017-0885-5},
	url = {https://doi.org/10.1007/s10586-017-0885-5},
	volume = {21},
	pages = {443-452}
}

@inproceedings{inproceedings:10_cfi,
	title = "{Crash Factors in Intersection-Related Crashes: An On-Scene Perspective}",
	author = {E.-H. {Choi} and National Highway Traffic Safety Administration},
	booktitle = {NHTSA Technical Report DOT HS 811 366},
	numpages = {38},
	year = {2010},
	month = {September}
}

@article{article:11_eod_hdd,
	title = "{Efficient Outlier Detection for High-Dimensional Data}", 
	author = {H. {Liu} and X. {Li} and J. {Li} and S. {Zhang}},
	journal = {IEEE Transactions on Systems, Man, and Cybernetics: Systems}, 
	year = {2018},
	month = {December},
	volume = {48},
	number = {12},
	pages = {2451-2461},
	doi = {10.1109/TSMC.2017.2718220}
}

@article{article:12_dssto_mot,
	title = "{Discovering Semantic Spatial and Spatio-Temporal Outliers from Moving Object Trajectories}",
	author = {V. C. {Fontes}, V. {Bogorny}},
	journal = {ArXiv},
	volume = {abs/1303.5132},
	year = {2013},
	url = {https://arxiv.org/abs/1303.5132}
}

@article{article:13_pdoos,
	title = "{Procedures for Detecting Outlying Observations in Samples}",
	author = {F. E. {Grubbs}},
	journal = {Technometrics}, 
	year = {1969},
	month = {February},
	volume = {11},
	number = {1},
	pages = {1-21},
	numpages = {22},
	doi = {10.1080/00401706.1969.10490657},
	url = {https://doi.org/10.1080/00401706.1969.10490657}
}

@inproceedings{inproceedings:14_mpfstsp_gp_ud,
	title = "{Mining Probabilistic Frequent Spatio-Temporal Sequential Patterns with Gap Constraints from Uncertain Databases}", 
	author = {Y. {Li} and J. {Bailey} and L. {Kulik} and J. {Pei}},
	booktitle = {2013 IEEE 13th International Conference on Data Mining}, 
	year = {2013},
	month = {December},
	volume = {},
	number = {},
	pages = {448-457},
	issn = {2374-8486},
	doi = {10.1109/ICDM.2013.150}
}

@article{article:15_survey_ad,
	title = "{Anomaly Detection: A Survey}",
	author = {V. {Chandola} and A. {Banerjee} and V. {Kumar}},
	journal = {ACM Computing Surveys},
	year = {2009},
	month = {July},
	volume = {41},
	number = {3},
	articleno = {15},
	issn = {0360-0300},
	doi = {10.1145/1541880.1541882},
	url = {https://doi.org/10.1145/1541880.1541882},
	keywords = {Anomaly detection, outlier detection}
}

@inproceedings{inproceedings:16_va_tad_svm,
	title = "{Video Analysis for Traffic Anomaly Detection using Support Vector Machines}",
	author = {P. {Batapati} and D. {Tran} and W. {Sheng} and M. {Liu} and R. {Zeng}},
	booktitle = {Proceedings of the 11th World Congress on Intelligent Control and Automation (WCICA)},
	year = {2014},
	month = {March},
	pages = {5500-5505},
	doi = {10.1109/WCICA.2014.7053655}
}

@article{article:17_tbaed,
	title = "{Trajectory-Based Anomalous Event Detection}",
	author = {C. {Piciarelli} and C. {Micheloni} and G. L. {Foresti}},
	journal = {Circuits and Systems for Video Technology, IEEE Transactions on},
	year = {2008},
	month = {December},
	pages = {1544-1554},
	volume = {18},
	number = {11},
	doi = {10.1109/TCSVT.2008.2005599}
}

@inproceedings{inproceedings:18_ardod_lstd,
	title = "{Accumulated Relative Density Outlier Detection For Large Scale Traffic Data}",
	author = {S. W. T. T. {Liu} and H. Y. T. {Ngan} and M. K. {Ng} and S. J. {Simske}},
	booktitle = {Electronic Imaging},
	year = {2018},
	volume = {9},
	pages = {1-10},
	doi = {10.2352/ISSN.2470-1173.2018.09.IRIACV-239}
}

@article{article:19_gbta_ubd_is,
	title = "{Goal-Based Trajectory Analysis for Unusual Behaviour Detection in Intelligent Surveillance}",
	author = {F. {Tung} and J. S. {Zelek} and D. A. {Clausi}},
	journal = {Image Vision Comput.},
	year = {2011},
	month = {March},
	volume = {29},
	number = {4},
	pages = {230-240},
	numpages = {11},
	issn = {0262-8856},
	url = {https://doi.org/10.1016/j.imavis.2010.11.003},
	doi = {10.1016/j.imavis.2010.11.003},
	publisher = {Butterworth-Heinemann},
	address = {USA},
	keywords = {Anomaly detection, Video surveillance, Trajectory analysis, Behaviour understanding}
}

@inproceedings{inproceedings:20_dbscan,
	title = "{A Density-Based Algorithm for Discovering Clusters in Large Spatial Databases with Noise}",
	author = {M. {Ester} and H.-P. {Kriegel} and J. {Sander} and X. {Xu}},
	booktitle = {Proceedings of the Second International Conference on Knowledge Discovery and Data Mining},
	publisher = {AAAI Press},
	location = {Portland, Oregon},
	series = {KDDâ€™96},
	year = {1996},
	pages = {226-231},
	numpages = {6},
	keywords = {efficiency on large spatial databases, clustering algorithms, handling noise, arbitrary shape of clusters},
	doi = {10.5555/3001460.3001507}
}

@inproceedings{inproceedings:21_ad_dbscan_tvs,
	title = "{Anomaly Detection using DBSCAN Clustering Technique for Traffic Video Surveillance}", 
	author = {R. {Ranjith} and J. J. {Athanesious} and V. {Vaidehi}},
	booktitle = {2015 7th International Conference on Advanced Computing (ICoAC)}, 
	year = {2015},
	month = {December},
	pages = {1-6},
	doi = {10.1109/ICoAC.2015.7562795}
}

@article{article:22_survey_dscc,
	title = "{A Survey on Data Stream Clustering and Classification}",
	author = {H.-L. {Nguyen} and Y.-K. {Woon} and W. K. {Ng}},
	journal = {Knowledge and Information Systems},
	year = {2014},
	month = {December},
	volume = {45},
	pages = {535-569},
	doi = {10.1007/s10115-014-0808-1}
}

@article{article:23_survey_ca,
	title = "{Survey of clustering algorithms}", 
	author = {R. {Xu} and D. {Wunsch}},
	journal = {IEEE Transactions on Neural Networks}, 
	year = {2005},
	month = {May},
	volume = {16},
	number = {3},
	pages = {645-678},
	doi = {10.1109/TNN.2005.845141},
	issn = {1941-0093}
}

@article{article:24_glkkm_cl_fs,
	title = "{The Global Kernel $k$-Means Algorithm for Clustering in Feature Space}", 
	author = {G. F. {Tzortzis} and A. C. {Likas}},
	journal = {IEEE Transactions on Neural Networks}, 
	year = {2009},
	month = {July},
	volume = {20},
	number = {7},
	pages = {1181-1194},
	doi = {10.1109/TNN.2009.2019722}
}

@article{article:25_dhr_mvt_eesd,
	title = "{Designing Huge Repositories of Moving Vehicles Trajectories for Efficient Extraction of Semantic Data}", 
	author = {A. {d'Acierno} and A. {Saggese} and M. {Vento}},
	journal = {IEEE Transactions on Intelligent Transportation Systems}, 
	year = {2015},
	month = {August},
	volume = {16},
	number = {4},
	pages = {2038-2049},
	doi = {10.1109/TITS.2015.2390652}
}

@inproceedings{inproceedings:26_dstci_tds,
	title = "{Discovering Spatio-Temporal Causal Interactions in Traffic Data Streams}",
	author = {W. {Liu} and Y. {Zheng} and S. {Chawla} and J. {Yuan} and X. {Xing}},
	booktitle = {Proceedings of the 17th ACM SIGKDD International Conference on Knowledge Discovery and Data Mining},
	publisher = {Association for Computing Machinery},
	address = {New York, NY, USA},
	location = {San Diego, California, USA},
	series = {KDD â€™11},
	year = {2011},
	isbn = {9781450308137},
	url = {https://doi.org/10.1145/2020408.2020571},
	doi = {10.1145/2020408.2020571},
	pages = {1010-1018},
	numpages = {9},
	keywords = {frequent sub-structures, spatio-temporal outliers, outlier causalities, urban computing and planning},
}

@article{article:27_vna_cad_td,
	title = "{A Visual-Numeric Approach to Clustering and Anomaly Detection for Trajectory Data}",
	author = {D. {Kumar} and J. {Bezdek} and S. {Rajasegarar} and C. {Leckie} and M. {Palaniswami}},
	journal = {The Visual Computer},
	year = {2017},
	month = {March},
	volume= {33},
	number = {3},
	pages = {265-281},
	url = {https://doi.org/10.1007/s00371-015-1192-x},
	doi = {10.1007/s00371-015-1192-x}
}

@inproceedings{inproceedings:28_lcss_dsmt,
	title = "{Discovering Similar Multidimensional Trajectories}",
	author = {M. {Vlachos} and G. {Kollios} and D. {Gunopulos}},
	booktitle = {Proceedings 18th International Conference on Data Engineering},
	location = {San Jose, CA, USA},
	isbn = {0-7695-1531-2},
	doi = {10.1109/ICDE.2002.994784},
	year = {2002},
	month = {February},
	pages = {673-684}
}

@inproceedings{inproceedings:29_fr_dist,
	title = "{Computing Discrete Fr{\'e}chet Distance *}",
	author = {T. {Eiter} and H. {Mannila}},
	booktitle = {Technical report CD-TR 94/64, Technische Universitat Wien},
	year = {1994}
}

@misc{online:apache_hadoop,
	title = "{Apache Hadoop}",
	howpublished = {\url{http://hadoop.apache.org/}},
	note = {Internet Resource, Accessed: 2020-06-23}
}

@misc{online:apache_spark,
	title = "{Apache Spark}",
	howpublished = {\url{https://spark.apache.org/}},
	note = {Internet Resource, Accessed: 2020-06-23}
}

@misc{online:spark_clust,
	title = "{Apache Spark 2.3.0 Documentation. Clustering in MLLib}",
	howpublished = {\url{https://spark.apache.org/docs/2.3.0/ml-clustering.html}},
	note = {Internet Resource, Accessed: 2020-06-23}
}

@misc{online:had_vs_sp,
	title = "{Hadoop Vs Spark â€” Choosing the Right Big Data Framework}",
	howpublished = {\url{https://www.netsolutions.com/insights/hadoop-vs-spark/}},
	author = {S. {Goyal}},
	note = {Internet Resource, Accessed: 2020-06-23},
	year = {2019},
	month = {May},
	day = {20}
}

@inproceedings{inproceedings:rdd-off,
	title = "{Resilient Distributed Datasets: A Fault-Tolerant Abstraction for In-Memory Cluster Computing}",
	author = {M. {Zaharia} and M. {Chowdhury} and T. {Das} and A. {Dave} and J. {Ma} and M. {McCauly} and M. J. {Franklin} and S. {Shenker} and I. {Stoica}},
	booktitle = {Presented as part of the 9th {USENIX} Symposium on Networked Systems Design and Implementation ({NSDI} 12)},
	year = {2012},
	month = {January},
	isbn = {978-931971-92-8},
	address = {San Jose, CA},
	pages = {15-28},
	url = {https://www.usenix.org/conference/nsdi12/technical-sessions/presentation/zaharia},
	publisher = {{USENIX}},
}

@inproceedings{inproceedings:geospark_intro,
	title = "{A Demonstration of GeoSpark: A Cluster Computing Framework for Processing Big Spatial Data}", 
	author = {J. {Yu} and J. {Wu} and M. {Sarwat}},
	booktitle = {2016 IEEE 32nd International Conference on Data Engineering (ICDE)}, 
	year = {2016},
	month = {May},
	pages = {1410-1413},
	doi = {10.1109/ICDE.2016.7498357}
}

@inproceedings{inproceedings:geospark,
	title = "{GeoSpark: A Cluster Computing Framework for Processing Large-Scale Spatial Sata}",
	author = {J. {Yu} and J. {Wu} and M. {Sarwat}},
	booktitle = {Proceedings of the 23rd SIGSPATIAL International Conference on Advances in Geographic Information Systems},
	publisher = {Association for Computing Machinery},
	address = {New York, NY, USA},
	location = {Seattle, Washington},
	series = {SIGSPATIAL â€™15},
	year = {2015},
	month = {November},
	articleno = {70},
	pages = {1-4},
	numpages = {4},
	url = {https://doi.org/10.1145/2820783.2820860},
	isbn = {9781450339674},
	doi = {10.1145/2820783.2820860},
	keywords = {spatial data, cluster computing, large-scale data}
}

@inproceedings{inproceedings:spatial_spark,
	title = "{Large-Scale Spatial Join Query Processing in Cloud}", 
	author = {S. {You} and J. {Zhang} and L. {Gruenwald}},
	booktitle = {2015 31st IEEE International Conference on Data Engineering Workshops}, 
	year = {2015},
	pages = {34-41},
	doi = {10.1109/ICDEW.2015.7129541}
}

@article{article:stark,
	title = "{The STARK Framework for Spatio-Temporal Data Analytics on Spark}",
	author = {S. {Hagedorn} and P. {GÃ¶tze} and K.-U. {Sattler}},
	journal = {Datenbanksysteme fÃ¼r Business, Technologie und Web (BTW 2017), Gesellschaft fÃ¼r Informatik, Bonn},
	year = {2017},
	pages = {123-142}
}

@article{article:stark_raster,
	title = "{Processing Large Raster and Vector Data in Apache Spark}",
	author = {S. {Hagedorn} and T. {RÃ¤th} and O. {Birli} and K.-U. {Sattler}},
	journal = {Datenbanksysteme fÃ¼r Business, Technologie und Web (BTW 2019), Lecture Notes in Informatics (LNI), Gesellschaft fÃ¼r Informatik, Bonn},
	year = {2019},
	pages = {551-554}
}

@article{article:tr_sim_meas,
	title = {Trajectory Similarity Measures},
	author = {K. {Toohey} and M. {Duckham}},
	journal = {SIGSPATIAL Special},
	year = {2015},
	issue_date = {March 2015},
	publisher = {Association for Computing Machinery},
	address = {New York, NY, USA},
	volume = {7},
	number = {1},
	url = {https://doi.org/10.1145/2782759.2782767},
	doi = {10.1145/2782759.2782767},
	month = {May},
	pages = {43â€“50},
	numpages = {8}
}

@misc{online:r_lcss,
	title = "{R Package Documentation. Similarity Measures. LCSS}",
	howpublished = {\url{https://rdrr.io/cran/SimilarityMeasures/man/LCSS.html}},
	note = {Internet Resource, Accessed: 2020-06-30},
	author = {K. {Toohey}},
	year = {2019},
	month = {May},
	day = {1}
}

@article{article:ind_mult_ts,
	title = {Indexing Multidimensional Time-Series},
	author = {M. {Vlachos} and M. {Hadjieleftheriou} and D. {Gunopulos} and E. {Keogh}},
	journal = {The VLDB Journal},
	year = {2006},
	month = {July},
	pages = {1-20},
	volume = {15},
	doi = {10.1007/s00778-004-0144-2}
}

@article{article:comp_analys_odt,
	title = {Comparative Analysis of Outlier Detection Techniques},
	author = {K. {Malik} and H. {Sadawarti} and G. {Kalra}},
	journal = {International Journal of Computer Applications},
	year = {2014},
	month = {July},
	pages = {12-21},
	volume = {97},
	doi = {10.5120/17026-7318}
}

@article{article:over_tod,
	title = {An Overview on Trajectory Outlier Detection},
	author = {F. {Meng} and G. {Yuan} and S. {Lv} and Z. {Wang} and S. {Xia}},
	journal = {Artificial Intelligence Review},
	year = {2018},
	month = {February},
	pages = {},
	doi = {10.1007/s10462-018-9619-1}
}

@inproceedings{inproceedings:comp_sim_meas_trcl,
	title = {Comparison of Similarity Measures for Trajectory Clustering in Outdoor Surveillance Scenes},
	author = {Zhang, Zhang and Huang, Kaiqi and Tan, Tieniu},
	journal = {Proceedings - International Conference on Pattern Recognition},
	year = {2006},
	month = {January},
	pages = {1135-1138},
	volume = {3},
	doi = {10.1109/ICPR.2006.392}
}

@misc{online:hier_clust_r,
	title = "{DataCamp. Hierarchical Clustering in R}",
	howpublished = {\url{https://www.datacamp.com/community/tutorials/hierarchical-clustering-R}},
	note = {Internet Resource, Accessed: 2020-06-30},
	author = {M. {Pathak}},
	year = {2018},
	month = {July},
	day = {24}
}

@misc{online:what_is_hier_clust,
	title = "{DisplayR Blog. What is Hierarchical Clustering?}",
	howpublished = {\url{https://www.displayr.com/what-is-hierarchical-clustering/}},
	author = {T. {Bock}},
	note = {Internet Resource, Accessed: 2020-07-05}
}

@misc{online:unders_hier_cl,
	title = "{Understanding the Concept of Hierarchical Clustering Technique}",
	howpublished = {\url{https://towardsdatascience.com/understanding-the-concept-of-hierarchical-clustering-technique-c6e8243758ec}},
	author = {C. R. {Patlolla}},
	year = {2018},
	month = {December},
	day = {10},
	note = {Internet Resource, Accessed: 2020-07-05}
}

@article{article:quant_eval_perf_clust,
	title = {Quantitative Evaluation of Performance and Validity Indices for Clustering the Web Navigational Sessions},
	author = {Z. {Ansari} and M.F. {Azeem} and W. {Ahmed} and A. {Babu}},
	journal = {World of Computer Science and Information Technology (WCSIT) Journal},
	year = {2011},
	pages = {217-226},
	volume = {1},
	number = {5},
	issn = {2221-0741}	
}

@misc{online:dunn_cl_valid,
	title = "{Dunn index and DB index â€“ Cluster Validity Indices}",
	howpublished = {\url{https://www.geeksforgeeks.org/dunn-index-and-db-index-cluster-validity-indices-set-1/}},
	author = {D. {Dey}},
	note = {Internet Resource, Accessed: 2020-07-07}
}

@article{article:dunn_orig,
	title = {Well-Separated Clusters and Optimal Fuzzy Partitions},
	author = {J. C. {Dunn}},
	journal = {Journal of Cybernetics},
	volume = {4},
	number = {1},
	pages = {95-104},
	year  = {1974},
	publisher = {Taylor & Francis},
	doi = {10.1080/01969727408546059},
	url = {https://doi.org/10.1080/01969727408546059}
}

@inproceedings{inproceedings:clust_ind,
	title={Clustering Indices},
	author={B. {Desgraupes}},
	year={2016}
}

@article{article:behav_form_extr,
	title = {Behavior Formula Extraction for Object Trajectory using Curve Fitting Method},
	author = {I. {Hadi} and M. {Sabah}},
	journal = {International Journal of Computer Applications},
	year = {2014},
	month = {10},
	pages = {28-37},
	volume = {104},
	doi = {10.5120/18177-9068}
}

@inproceedings{inproceedings:java_api_polyn,
	title = {A Java API for Polynomial Arithmetic},
	author = {C. {Whelan} and A. {Duffy} and A. {Burnett} and T. {Dowling}},
	journal = {Proceedings of the 2nd International Symposium on Principles and Practice of Programming in Java (PPPJ)},
	year = {2003},
	month = {January},
	pages = {139-144},
	doi = {10.1145/957289.957332}
}

@misc{online:intro_lr_pr,
	title = "{Introduction to Linear Regression and Polynomial Regression}",
	author = {A. {Pant}},
	howpublished = {\url{https://towardsdatascience.com/introduction-to-linear-regression-and-polynomial-regression-f8adc96f31cb}},
	year = {2019},
	month = {January},
	day = {13},
	note = {Internet Resource, Accessed: 2020-07-15}
}

@inbook{inbook:stats,
	title = {Statistics for Chemical and Process Engineers: A Modern Approach},
	author = {Y. A. W. {Shardt}},
	year = {2015},
	publisher = {Springer International Publishing},
	isbn = {978-3-319-21509-9},
	doi = {10.1007/978-3-319-21509-9},
	address = {Cham, Switzerland},
	chapter = {3.2 Regression Models},
	pages = {90-104}
}

@misc{online:reg_r_interpr,
	title = "{Regression Analysis: How Do I Interpret R-squared and Assess the Goodness-of-Fit?}",
	author = {Minitab Blog Editor},
	howpublished = {\url{https://blog.minitab.com/blog/adventures-in-statistics-2/regression-analysis-how-do-i-interpret-r-squared-and-assess-the-goodness-of-fit}},
	year = {2013},
	month = {May},
	day = {30},
	note = {Internet Resource, Accessed: 2020-07-17}
}

@article{article:surv_cl_models,
	title = {A Survey of Vision-Based Trajectory Learning and Analysis for Surveillance}, 
	author = {B. T. {Morris} and M. M. {Trivedi}},
	journal = {IEEE Transactions on Circuits and Systems for Video Technology}, 
	year = {2008},
	month = {August},
	volume = {18},
	number = {8},
	pages = {1114-1127},
	doi = {10.1109/TCSVT.2008.927109}
}

@misc{online:polynomial_impl,
	title = "{Polynomial Implementation}",
	author = {R. {Sedgewick} and K. {Wayne}},
	howpublished = {\url{https://algs4.cs.princeton.edu/14analysis/PolynomialRegression.java.html}},
	note = {Internet Resource, Accessed: 2020-07-11}
}

@misc{online:mt_anomalies,
	title = "{Framework for Identification of Trajectory Anomalies in Uncertain Spatiotemporal Data}",
	howpublished = {\url{https://github.com/aygulmardanova/mt-anomalies}},
	note = {Internet Resource, Accessed: 2020-08-02}
}
